%% Bibliography file for MAD-X in BiBTeX format
%  2014-Feb-26  16:14:32  ghislain: first version based on bibliography.tex

%% Champs:

%% address : L'adresse de l'éditeur
%% abstract : Résumé de l'article
%% annote : Une annotation
%% author : Nom(s) puis prénom(s) des auteurs séparés par and. Exemple : author = {DO, John and DUPOND, Marc}
%% booktitle : Le titre du livre
%% chapter : Le numéro de chapitre
%% crossref : La clé d'une référence croisée
%% edition : L'édition du livre
%% editor : Le nom de l'éditeur
%% eprint : La spécification d'un publication électronique.
%% howpublished : Comment il a été publié, si ce n'est pas avec une méthode standard
%% institution : L'institution impliquée dans la publication (pas forcément l'éditeur)
%% journal : La revue ou le magazine dans lequel le travail a été publié
%% key : Un champ caché utilisé pour spécifier ou remplacer l'ordre alphabétique des entrées (quand "author" et "editor" ne sont pas présents).
%% month : Le mois de la création ou de la publication
%% note : Informations diverses.
%% number : Le numéro du journal ou du magazine.
%% organization : Le sponsor d'une conférence
%% pages : Les numéros de pages, séparés par des virgules ou sous forme d'intervalles.
%% publisher : Le nom de la maison d'édition
%% school : L'école dans laquelle la thèse a été écrite
%% series : La série de livres dans laquelle la livre a été publié
%% title : Le titre du document
%% type : Le type
%% url : L'adresse URL
%% volume : Le volume, dans le cas où il y a plusieurs volumes
%% year : L'année de publication (ou de création s'il n'a pas été publié)

@report{GKS,
     title = "{{The Graphical Kernel System (GKS)}}",
     publisher = "ISO",
     year = "1985",
     reference = "International Standard ISO 7942"}

@report{MICADO,
     author = "Bruno Autin and Yolande  Marti",
     title = "{{Closed Orbit Correction of Alternating Gradient Machines using 
     a small number of Magnets}}",
     reference = "CERN/ISR-MA/73-17",
     publisher = "CERN",
     year = "1973"}

@TechReport{barber1991,
  author = 	 {D. P. Barber and K. Heinemann and H. Mais and G. Ripken},
  title = 	 {{A Fokker--Planck Treatment of Stochastic Particle Motion within the Framework of a Fully Coupled 6-dimensional Formalism for Electron-Positron Storage Rings including Classical Spin Motion in Linear Approximation}},
  institution =  {DESY},
  year = 	 1991,
  number = 	 {DESY Report 91-146}}

@TechReport{bartolini1995,
  author = 	 {R. Bartolini and A. Bazzani and M. Giovannozzi and W. Scandale and E. Todesco},
  title = 	 {Tune evaluation in simulations and experiments},
  institution =  {CERN},
  year = 	 1995,
  number = 	 {CERN SL/95-84 (AP)}}

@Article{bjorken1900,
  author = 	 {J. D. Bjorken and S. K. Mtingwa},
  title = 	 {????},
  journal = 	 {Particle Accelerators},
  year = 	 1900,
  volume = 	 13,
  pages = 	 115}

@Article{bollt1995,
  author = 	 {E. M. Bollt and J. D. Meiss},
  title = 	 {{Targeting chaotic orbits to the Moon through recurrence}},
  journal = 	 {Phys. Lett. A},
  year = 	 1995,
  volume = 	 204,
  pages = 	 373}

@Misc{bramham1970,
  title = 	 {private communication},
  author = 	 {P. Bramham and H. Henke},
  organization = {CERN},
  number =       {LEP Note LEP-70-107},
  year = 	 1970}

@TechReport{slac75,
  author = 	 {Karl L. Brown},
  title = 	 {{A First-and Second-Order Matrix Theory for the Design of Beam Transport Systems and Charged Particle Spectrometers}},
  institution =  {SLAC},
  year = 	 1972,
  number = 	 {SLAC-75},
  note = 	 {Revision 3}}

@TechReport{TRANSPORT,
  author = 	 {Karl L. Brown and David C. Carey and Christopher Iselin and Franck Rothacker},
  title = 	 {{TRANSPORT - A Computer Program for Designing Charged Particle Beam Transport Systems}},
  institution =  {CERN},
  year = 	 {1980},
  number = 	 {CERN 73-16, revised as CERN 80-04}}

@Article{chao1979,
  author = 	 {A. Chao},
  title = 	 {{Evaluation of beam distribution parameters in an electron storage ring}},
  journal = 	 {Journal of Applied Physics},
  year = 	 1979,
  volume = 	 50,
  pages = 	 {595-598}}

@TechReport{chao1974,
  author = 	 {A. Chao and M. J. Lee},
  title = 	 {{SPEAR II Touschek lifetime}},
  institution =  {SLAC},
  year = 	 1974,
  number = 	 {SPEAR-181},
  month = 	 {October}}

@Article{conte-martini1985,
  author = 	 {M. Conte and Michel Martini},
  title = 	 {???},
  journal = 	 {Particle Accelerators},
  year = 	 1985,
  volume = 	 17,
  pages = 	 1}
	  
@Article{Courant-Snyder1958,
  author = 	 {E. D. Courant and H. S. Snyder},
  title = 	 {{Theory of the alternating gradient synchrotron}},
  journal = 	 {Annals of Physics},
  year = 	 1958,
  volume = 	 3,
  pages = 	 {1-48}}

@TechReport{TFS,
  author = 	 {Philippe Defert and Ph. Hofmann and R. Keyser},
  title = 	 {{The Table File System, the C Interfaces}},
  institution =  {CERN},
  year = 	 1989,
  number = 	 {LAW Note 9}}

@TechReport{donald1982,
  author = 	 {M. Donald and D. Schofield},
  title = 	 {{A User's Guide to the \texttt{HARMON} Program}},
  institution =  {CERN},
  year = 	 1982,
  number = 	 {LEP Note 420}}

@Inproceedings{dragt1982,
  author =       {A. Dragt},
  title =        {{Lectures on Nonlinear Orbit Dynamics}},
  booktitle =    {{1981 Summer School on High Energy Particle Accelerators}},
  year =         1982,
  month =        {July},
  organisation = {Fermi National Accelerator Laboratory},
  publisher =    {American Institute of Physics}}

@Article{edwards1973,
  author = 	 {D. A. Edwards and L. C. Teng},
  title = 	 {Parametrisation of linear coupled motion in periodic systems},
  journal = 	 {IEEE Trans. on Nucl. Sc.},
  year = 	 1973,
  volume = 	 20,
  pages = 	 885}

@TechReport{giovannozzi1996,
  author = 	 {Massimo Giovannozzi},
  title = 	 {Analysis of the stability domain of planar symplectic maps using invariant manifolds},
  institution =  {CERN},
  year = 	 1996,
  number = 	 {CERN/PS 96-05}}

@TechReport{grote1988,
  author = 	 {Hans Grote},
  title = 	 {{GXPLOT User's Guide and Reference Manual}},
  institution =  {CERN},
  year = 	 1988,
  number = 	 {LEP-TH Note 57}}

@TechReport{LEP-DR1979,
  author = 	 {LEP Design Group},
  title = 	 {{Design Study of a 22 to 130 GeV electron-positron Colliding 
  Beam Machine (LEP)}},
  institution =  {CERN},
  year = 	 1979,
  number = 	 {CERN/ISR-LEP/79-33}}

@TechReport{hanney-jowett-keil1988,
  author = 	 {M. Hanney and John M. Jowett and Eberhard Keil},
  title = 	 {{BEAMPARAM - A program for computing beam dynamics and 
  performance of electron-positron storage rings}},
  institution =  {CERN},
  year = 	 1988,
  number = 	 {CERN/LEP-TH/88-2}}

@Article{helm-lee-morton-sands1973,
  author = 	 {Richard H. Helm and Martin J. Lee and Philip L. Morton and Matthew Sands},
  title = 	 {Evaluation of synchrotron radiation integrals},
  journal = 	 {IEEE Trans. Nucl. Sc.},
  year = 	 1973,
  number = 	 {NS-20}}

@TechReport{MINUIT,
  author = 	 {F. James},
  title = 	 {{MINUIT, A package of programs to minimise a function of n 
  variables, compute the covariance matrix, and find the true errors}},
  institution =  {CERN},
  year = 	 1978,
  note = 	 {Program Library Code D507}}

@TechReport{keil1976,
  author = 	 {Eberhard Keil},
  title = 	 {Synchrotron radiation from a large electron-positron storage ring},
  institution =  {CERN},
  year = 	 1976,
  number = 	 {CERN/ISR-LTD/76-23}}

@Book{knuth1981,
  author = 	 {D. E. Knuth},
  title = 	 {{The Art of Computer Programming}},
  publisher = 	 {Addison-Wesley},
  year = 	 1981,
  volume = 	 2,
  edition = 	 {second edition},
  note = 	 {Semi-numerical Algorithms}}

@Article{laskar1992,
  author = 	 {J. Laskar and C. Froeschle and A. Celletti},
  title = 	 {{The measure of chaos by the numerical analysis of the 
  fundamental frequencies. Application to the standard mapping}},
  journal = 	 {Physica D},
  year = 	 1992,
  volume = 	 56,
  pages = 	 253}

@TechReport{maisripken1982,
  author = 	 {H. Mais and Gerhard Ripken},
  title = 	 {{Theory of Coupled Synchro-Betatron Oscillations}},
  institution =  {DESY},
  year = 	 1982,
  number = 	 {DESY M-82-05},
  type = 	 {DESY Internal Report}}

@TechReport{meddahi1996,
  author = 	 {Malika Meddahi},
  title = 	 {{Chromaticity correction for the 108/60 degree lattice}},
  institution =  {CERN},
  year = 	 1996,
  number = 	 {SL/Note 96-19 (AP)}}

@TechReport{milutinovic1988,
  author = 	 {J. Milutinovic and A. G. Ruggiero},
  title = 	 {{Comparison of Accelerator Codes for a RHIC Lattice}},
  institution =  {BNL},
  year = 	 1988,
  number = 	 {AD/AP/TN-9}}

@TechReport{Montague1979,
  author = 	 {Brian W. Montague},
  title = 	 {{Linear Optics for Improved Chromaticity Correction}},
  institution =  {CERN},
  year = 	 1979,
  number = 	 {LEP Note 165}}

@TechReport{Ripken1970,
  author = 	 {Gerhard Ripken},
  title = 	 {{Untersuchungen zur Strahlf\"uhrung und Stabilit\"at der 
  Teilchenbewegung in Beschleunigern und Storage-Ringen unter strenger 
  Ber\"ucksichtigung einer Kopplung der Betatronschwingungen}},
  institution =  {DESY},
  year = 	 1970,
  number = 	 {DESY Internal Report R1-70/4}}

@TechReport{Ripken1988,
  author =  {Gerhard Ripken and Ferdinand Willeke},
  title =         {{Methods of Beam Optics}},
  institution =   {DESY},
  year =          1988,
  reference =     {DESY 88-114}}

@InProceedings{ruggiero1996,
  author = 	 {Francesco Ruggiero},
  title = 	 {{Dynamic Aperture for LEP 2 with various optics and tunes}},
  number = 	 {CERN SL/96-05 (DI),1996},
  booktitle =    {Proc. Sixth Workshop on LEP Performance, Chamonix},
  year = 	 1996,
  editor = 	 {John Poole},
  series = 	 {Chamonix LEP Performance Workshops},
  pages = 	 {132-136},
  organization = {CERN}}

@TechReport{teng1971,
  author = 	 {L. C. Teng},
  title = 	 {{Concerning n-Dimensional Coupled Motion}},
  institution =  {FNAL},
  year = 	 1971,
  number = 	 {FN 229}}

@TechReport{Piwinski1998,
  author = 	 {A. Piwinski},
  title = 	 {{The Touschek Effect in Strong Focusing Storage Rings}},
  institution =  {DESY},
  year = 	 1998,
  number = 	 {DESY-98-179}}

@Book{chaotigner1999,
  editor = 	 {Alex Chao and Maury Tigner},
  title = 	 {{Handbook of Accelerator Physics and Engineering}},
  publisher = 	 {World Scientific},
  year = 	 1999}

@TechReport{Volkel1967,
  author = 	 {U. V\"olkel},
  title = 	 {{Particle loss by Touschek effect in a storage ring}},
  institution =  {DESY},
  year = 	 1967,
  number = 	 {DESY 67-5}}

@TechReport{walker1987,
  author = 	 {R. P. Walker},
  title = 	 {{Calculation of the Touschek lifetime in electron storage rings}},
  institution =  {SERC},
  year = 	 1987,
  number = 	 {DL/SCI/P542A},
  type = 	 {SERC Daresbury Laboratory preprint}}

@TechReport{sands1970,
  author = 	 {Matthew Sands},
  title = 	 {{The Physics of Electron Storage Rings}},
  institution =  {SLAC, University of California},
  year = 	 1970,
  number = 	 {SLAC-121, UC-28}}

@InProceedings{wilson1974,
  author = 	 {P. B. Wilson},
  title = 	 {????},
  booktitle = {{8th Int. Conf. on High Energy Accelerators}},
  year = 	 1974,
  organization = {Stanford}}

@TechReport{wrulich1975,
  author = 	 {A. Wrulich and H. Meyer},
  title = 	 {Lifetime due to the beam-beam bremsstrahlung effect},
  institution =  {DESY},
  year = 	 1975,
  number = 	 {PET-75-2}}

@TechReport{SXF,
  author = 	 {Hans Grote and J. Holt and N. Malitsky and Fulvia Pilat and Richard Talmann and C. G. Trahern},
  title = 	 {{SXF (Standard eXchange Format): definition, syntax, examples}},
  institution =  {BNL},
  year = 	 1998,
  number = 	 {RHIC/AP/155},
  month = 	 {August}}

@Misc{SixTrack-www,
    title =   {{SixTrack website}},
    institution =  {CERN},
    note =   {\url{http://cern.ch/sixtrack}}}

@TechReport{SixTrack,
  author = 	 {Frank Schmidt},
  title = 	 {{SixTrack, User's Reference Manual}},
  institution =  {CERN},
  year = 	 1994,
  number = 	 {SL/95-56 (AP)}}

@TechReport{SixTrack-RE,
  author = 	 {Mark Hayes and Frank Schmidt},
  title = 	 {{Run Environment for SixTrack}},
  institution =  {CERN},
  year = 	 2002,
  number = 	 {LHC Project Note 300},
  month = 	 {July}}

@TechReport{bengtsson1990,
  author = 	 {Johann Bengtsson and John Irwin},
  title = 	 {{Analytical Calculation of Smear and Tune Shift}},
  institution =  {SSC},
  year = 	 1990,
  number = 	 {SSC-232},
  month = 	 {February}}

@TechReport{SODD,
  author = 	 {Frank Schmidt},
  title = 	 {{SODD: A computer code to calculate detuning and distortion 
  function terms in first and second order}},
  institution =  {CERN},
  year = 	 1999,
  number = 	 {CERN SL/Note 99-009 (AP)}}

@TechReport{schmidt1999,
  author = 	 {Frank Schmidt},
  title = 	 {{SODD: A physics Guide}},
  institution =  {CERN},
  year = 	 1999,
  number = 	 {Beam Physics Note 60}}

@TechReport{damico2004,
  author = 	 {E. T. d'Amico},
  title = 	 {{SODD: another \madx module}},
  institution =  {CERN},
  year = 	 2004,
  number = 	 {AB Note-2004-069 (ABP)}}

@TechReport{TEAPOT,
  author = 	 {Richard Talmann and L. Schachinger},
  title = 	 {{TEAPOT: A Thin Element Accelerator Program for Optics and 
  Tracking}},
  institution =  {SSC},
  year = 	 1987,
  number = 	 {SSC-52}}

@InProceedings{burkhardt2013,
  author = 	 {H. Burkhardt and R. De Maria and M. Giovannozzi and T. Risselada},
  title = 	 {{Improved TEAPOT method and tracking with thick quadrupoles for the LHC and its upgrade}},
  booktitle =    {{Proceedings of the 2013 IPAC Conference}},
  series = {International Particle Accelerator Conference},
  year = 	 2013,
  number = 	 {MOPWO027},
  note = 	 {http://accelconf.web.cern.ch/AccelConf/IPAC2013/papers/mopwo027.pdf}}

@TechReport{bjorken-mtingwa1982,
  author = 	 {J. D. Bjorken and S. K. Mtingwa},
  title = 	 {{Intrabeam Scattering}},
  institution =  {FNAL},
  year = 	 1982,
  number = 	 {FERMILAB-Pub-82/47-THY},
  month = 	 {July}}

@TechReport{antoniou-zimmermann2012,
  author = 	 {Fanouria Antoniou and Frank Zimmermann},
  title = 	 {To be published},
  institution =  {CERN},
  year = 	 2012}

@Article{PDG2012,
  author = 	 {J. Beringer et al. (Particle Data Group)},
  title = 	 {{The Review of Particle Physics}},
  journal = 	 {Physical Review},
  year = 	 2012,
  volume = 	 {D86},
  pages = 	 010001}

@Article{PDG2014,
  author = 	 {K.A. Olive et al. (Particle Data Group)},
  title = 	 {{The Review of Particle Physics}},
  journal = 	 {Chin. Phys. C},
  year = 	 2014,
  volume = 	 {38},
  pages = 	 090001}

@InProceedings{schmidt2005,
  author = 	 {Frank Schmidt},
  title = 	 {{MAD-X PTC Integration}},
  year = 	 2005,
  series = 	 {Particle Accelerator Conference},
  pages = 	 1772,
  number =       {MPPE012},
  address = 	 {Knoxville, USA},
  note = 	 {http://cern.ch/madx/doc/MPPE012.pdf}}

@TechReport{forest2002,
  author = 	 {Etienne Forest and Frank Schmidt and Eric McIntosh},
  title = 	 {{Introduction to the Polymorphic Tracking Code}},
  institution =  {KEK, CERN},
  year = 	 2002,
  number = 	 {KEK Report 2002-3, CERN-SL-2002-044-AP},
  month = 	 {July},
  note = 	 {http://ccdb4fs.kek.jp/cgi-bin/img/allpdf?200302020, http://cern.ch/madx/doc/sl-2002-044.pdf}}

@Article{danilov2010,
  author = 	 {V. Danilov and S. Nagaitsev},
  title = 	 {???},
  journal = 	 {Phys. Rev. ST Accel. Beams},
  year = 	 2010,
  volume = 	 13,
  pages = 	 084002}

@InProceedings{valishev2011,
  author = 	 {A. Valishev and S. Nagaitsev and V. Kashikhin and V. Danilov},
  title = 	 {???},
  booktitle = {{Proceedings of the 2011 Particle Accelerator Conference}},
  year = 	 2011,
  number = 	 {WEP070},
  series = 	 {PAC},
  month = 	 {New York, NY, USA}}

@Article{roy1990,
  author = 	 {G. J. Roy},
  title = 	 {A new method for the simulation of synchrotron radiation in particle tracking codes},
  journal = 	 {Nuclear Instruments \& Methods in Phys. Res.},
  year = 	 1990,
  volume = 	 {A298},
  pages = 	 {128-133}}

@TechReport{hbu2007,
	author        = "Helmut Burkhardt",
	title         = "{Monte Carlo Generation of the Energy Spectrum of Synchrotron Radiation}",
	month         = "Jun",
	year          = "2007",
	number        = {CERN-OPEN-2007-018}}

@TechReport{kapin2006,
  author = 	 {V. Kapin and F. Schmidt},
  title = 	 {{PTC modules for MAD-X code}},
  institution =  {CERN},
  year = 	 2006,
  note = 	 {To be published}}

@TechReport{damico2004-2,
  author = 	 {E. T.d'Amico},
  title = 	 {{Nonlinear parameters from PTC}},
  institution =  {CERN},
  year = 	 2004,
  number = 	 {MAD-X Meeting 7},
  month = 	 {November}}
%  note = 	 {http://cern.ch/frs/MAD-X_minutes/Meeting-7, http://cern.ch/frs/MAD-X_minutes/Meeting-7/Nonlinear_parameters_from_PTC.doc}}

@TechReport{schoch1958,
  author = 	 {A. Schoch},
  title = 	 {Theory of linear and non-linear perturbations of betatron oscillations in alternating-gradient synchrotrons},
  institution =  {CERN},
  year = 	 1958,
  number = 	 {CERN-27-21},
  note = 	 {http://cern.ch/madx/doc/yellow-report-1957.pdf}}

@TechReport{zhang2005,
  author = 	 {K. Zhang},
  title = 	 {{PTC twiss with initial TWISS parameters}},
  institution =  {CERN},
  year = 	 2005,
  number = 	 {Minutes of MAD-X meeting 13 (04.07.2005)},
  note = 	 {\href{http://cern.ch/frs/MAD-X_minutes/Meeting-13/minutes.html}, \href{http://cern.ch/frs/MAD-X_minutes/Meeting-13/Input_of_PTC_TWISS_module.ppt}}}

@TechReport{lebedev2010,
  author = 	 {V. A. Lebedev and S. A. Bogacsz},
  title = 	 {Betatron motion with coupling of horizontal and vertical degrees of motion},
  institution =  {Thomas Jefferson National Accelerator Facility},
  year = 	 2010,
  note =         {\url{http://cern.ch/madx/doc/1748-0221_5_10_P10010.pdf}}}

@TechReport{kapin2013,
  author        = "Valery Kapin and Frank Schmidt",
  title         = "{MADX-SC Flag Description}",
  month         = "Nov",
  year          = "2013",
  number        = {CERN-ACC-NOTE-2013-0036}}

@article{Helm1973,
  author = {R. H. Helm and M. J. Lee and P.L. Morton and M. Sands},
  title = "{Evaluation of synchrotron radiation integrals}",
  number = {SLAC-PUB-1193},
  journal = {IEEE Trans. Nucl. Sci.},
  pages = {900-901},
  year = {1973},
  note =         {\href{https://www.slac.stanford.edu/pubs/slacpubs/1000/slac-pub-1193.pdf}{PDF}}}
}

@article{Jowett1986,
  author        = {J. M. Jowett},
  title         = {Introductory statistical mechanics for electron storage rings},
  journal       = {AIP Conf. Proc.},
  number        = {SLAC-PUB-4033},
  pages         = {864-970},
  year          = {1986},
  note =         {\href{http://cds.cern.ch/record/175614}{PDF}}}
}

%% EOF

